@book{zien,
  title={{The finite element method in engineering science}},
  author={Zienkiewicz, O.C.},
  lccn={76028984},
  url={https://books.google.com/books?id=\_d1RAAAAMAAJ},
  year={1971},
  publisher={McGraw-Hill}
}

@book{boresi,
  title={{Advanced mechanics of materials}},
  author={Boresi, A.P. and Schmidt, R.J.},
  isbn={9780471438816},
  lccn={2002026738},
  url={https://books.google.com/books?id=eLMeAQAAIAAJ},
  year={2003},
  publisher={John Wiley \& Sons}
}

@misc{github,
author = {Himberg, B. E.},
title = {{Plates}},
year = {2016},
publisher = {{GitHub}},
journal = {{GitHub} repository},
howpublished = {\url{https://github.com/bhimberg/plates}},
}

@misc{geocities,
author = {Taki, T.},
title = {{Plates}},
year = {2004},
publisher = {{Geocities}},
journal = {{Geocities} page},
howpublished = {\url{http://www.geocities.jp/toshimi\_taki/plate/plate.htm}},
}

@article{pigs,
author = {A. Sarsa and K. E. Schmidt and W. R. Magro},
title = {{A path integral ground state method}},
journal = {The Journal of Chemical Physics},
volume = {113},
number = {4},
pages = {1366-1371},
year = {2000},
doi = {10.1063/1.481926},

URL = { 
        http://dx.doi.org/10.1063/1.481926
    
},
eprint = { 
        http://dx.doi.org/10.1063/1.481926
    
}

}


